@ARTICLE{IEEE:EH,
author={S. Ulukus and A. Yener and E. Erkip and O. Simeone and M. Zorzi and P. Grover and K. Huang},
journal={IEEE Journal on Selected Areas in Communications},
title={Energy Harvesting Wireless Communications: A Review of Recent Advances},
year={2015},
volume={33},
number={3},
pages={360-381},
keywords={energy harvesting;radio networks;telecommunication power management;energy consumption;energy harvesting wireless communications;energy transfer;information-theoretic performance limits;medium access;resource allocation;transmission scheduling policies;wireless networks;Batteries;Energy consumption;Energy exchange;Energy harvesting;Transmitters;Wireless networks;Energy harvesting communications;energy cooperation;simultaneous wireless information and energy transfer},
doi={10.1109/JSAC.2015.2391531},
ISSN={0733-8716},
month={March},}

@ARTICLE{IEEE:swipt_1,
author={L. Liu and R. Zhang and K. C. Chua},
journal={IEEE Transactions on Communications},
title={Wireless Information and Power Transfer: A Dynamic Power Splitting Approach},
year={2013},
volume={61},
number={9},
pages={3990-4001},
keywords={channel coding;decoding;energy harvesting;fading channels;radio links;radio networks;radio transmitters;receiving antennas;SIMO;SISO;WEH;ambient radio signals;antenna switching;channel state information;dynamic power splitting;dynamic power splitting approach;energy harvesting;energy-constrained wireless networks;fixed power supplies;flat-fading channel;information decoding;information transfer;maximum ergodic capacity;near-optimal rate-energy trade-offs;operation time;optimal DPS;point-to-point wireless link;power transfer;rate energy region;received signal;single antenna receiver;single-input multiple output system;single-input single-output system;transmitter;wireless energy harvesting;wireless information;Decoding;Fading;Power control;Receiving antennas;Switches;Wireless communication;Energy harvesting;antenna switching;ergodic capacity;fading channel;multiple-antenna system;power control;power splitting;time switching;wireless power transfer},
doi={10.1109/TCOMM.2013.071813.130105},
ISSN={0090-6778},
month={September},}

@INPROCEEDINGS{IEEE:swipt_2,
author={P. Grover and A. Sahai},
booktitle={2010 IEEE International Symposium on Information Theory},
title={Shannon meets Tesla: Wireless information and power transfer},
year={2010},
volume={},
number={},
pages={2363-2367},
keywords={AWGN channels;inductors;wireless channels;Shannon;Tesla;additive white Gaussian noise;coupled-inductor circuit;frequency-selective channel;power transfer;wireless information;Additive white noise;Bandwidth;Circuit noise;Cochlear implants;Coils;Coupling circuits;Fading;Frequency;Gaussian noise;Inductors},
doi={10.1109/ISIT.2010.5513714},
ISSN={2157-8095},
month={June},}

@ARTICLE{IEEE:swipt_3,
author={K. Huang and E. Larsson},
journal={IEEE Transactions on Signal Processing},
title={Simultaneous Information and Power Transfer for Broadband Wireless Systems},
year={2013},
volume={61},
number={23},
pages={5972-5986},
keywords={OFDM modulation;array signal processing;channel coding;microwave power transmission;mobile communication;multiuser channels;power control;telecommunication power management;variable rate codes;SWIPT;broadband wireless system;channel diversity;circuit power constraint;downlink information transfer;far field microwave power transfer;finite battery capacity;fixed coding rate;minimum signal to noise ratio;mobile device;multiuser power control problem;multiuser system;orthogonal frequency division multiplexing;power control algorithm;power control optimization;quality of service;receiver circuitry;reconfigurable mobile architecture;resource allocation;simultaneous wireless information and power transfer;single-user system;transmit beamforming;uplink information transfer;variable coding rate;water filling;wireless communication;wireless sensor;Base stations;Downlink;Mobile communication;OFDM;Power control;Receivers;Uplink;Cellular networks;energy harvesting;mobile communication;power control;power transmission},
doi={10.1109/TSP.2013.2281026},
ISSN={1053-587X},
month={Dec},}

@ARTICLE{IEEE:swipt_4,
author={X. Zhou and R. Zhang and C. K. Ho},
journal={IEEE Transactions on Wireless Communications},
title={Wireless Information and Power Transfer in Multiuser OFDM Systems},
year={2014},
volume={13},
number={4},
pages={2282-2294},
keywords={OFDM modulation;convex programming;energy harvesting;frequency division multiple access;iterative methods;time division multiple access;Lagrange duality method;OFDMA-based information transmission;SWIPT;TDMA-based information transmission;convex problem;downlink multiuser orthogonal frequency division multiplexing system;energy harvesting;information decoding;iterative algorithm;multiple access scheme;multiuser OFDM system;optimal power allocation;orthogonal frequency division multiple access;power allocation;power splitting;simultaneous wireless information and power transfer;subcarrier allocation;time division multiple access;time switching;users harvest energy;Information processing;OFDM;Radio transmitters;Receivers;Resource management;Time division multiple access;Wireless communication;Simultaneous wireless information and power transfer (SWIPT);energy harvesting;orthogonal frequency division multiple access (OFDMA);orthogonal frequency division multiplexing (OFDM);power splitting;time division multiple access (TDMA);time switching;wireless power},
doi={10.1109/TWC.2014.030514.131479},
ISSN={1536-1276},
month={April},}

@ARTICLE{IEEE:swipt_5,
author={R. Zhang and C. K. Ho},
journal={IEEE Transactions on Wireless Communications},
title={MIMO Broadcasting for Simultaneous Wireless Information and Power Transfer},
year={2013},
volume={12},
number={5},
pages={1989-2001},
keywords={MIMO system;broadcast channel;energy harvesting;precoding;rate-energy tradeoff;simultaneous wireless information and power transfer (SWIPT);wireless power},
doi={10.1109/TWC.2013.031813.120224},
ISSN={1536-1276},
month={May},}

@ARTICLE{IEEE:wpcn_1,
author={H. Ju and R. Zhang},
journal={IEEE Transactions on Wireless Communications},
title={Throughput Maximization in Wireless Powered Communication Networks},
year={2014},
volume={13},
number={1},
pages={418-428},
keywords={convex programming;energy harvesting;protocols;time division multiple access;TDMA;closed form expressions;constant power supply;convex optimization techniques;harvest then transmit protocol;harvested energy values;hybrid access point;information transmissions;signal attenuation;sum throughput maximization;time division multiple access;unfair rate allocation;wireless energy broadcast;wireless powered communication networks;Communication networks;Information processing;Resource management;Throughput;Time division multiple access;Wireless communication;Wireless sensor networks;TDMA;Wireless power;convex optimization;doubly near-far problem;energy harvesting;throughput maximization},
doi={10.1109/TWC.2013.112513.130760},
ISSN={1536-1276},
month={January},}

@ARTICLE{IEEE:wpcn_4,
author={Q. Sun and G. Zhu and C. Shen and X. Li and Z. Zhong},
journal={IEEE Communications Letters},
title={Joint Beamforming Design and Time Allocation for Wireless Powered Communication Networks},
year={2014},
volume={18},
number={10},
pages={1783-1786},
keywords={array signal processing;channel allocation;energy harvesting;inductive power transmission;probability;protocols;radio networks;radiofrequency power transmission;telecommunication power supplies;time division multiple access;Gaussian CSI errors;MISO WPCN;PS;SNR outage probability constraints;TDMA;WPT;energy harvesting;harvest-then-transmit protocol;joint design problem;joint time allocation-beamforming design;multiinput single-output wireless powered communication network;passive user nodes;perfect channel station information;power station;radiofrequency wireless power transfer;reliable power supply;semiclosed form solution;signal-to-noise ratio;system sum-throughput maximization;time division multiple access scheme;Array signal processing;Communication networks;Joints;Resource management;Robustness;Throughput;Wireless communication;Energy harvesting;energy beamforming;robust design;time allocation;wireless powered communication},
doi={10.1109/LCOMM.2014.2347958},
ISSN={1089-7798},
month={Oct},}

@ARTICLE{IEEE:wpcn_5,
author={L. Liu and R. Zhang and K. C. Chua},
journal={IEEE Transactions on Communications},
title={Multi-Antenna Wireless Powered Communication With Energy Beamforming},
year={2014},
volume={62},
number={12},
pages={4349-4361},
keywords={antennas;array signal processing;inductive power transmission;matrix algebra;protocols;resource allocation;search problems;wireless channels;DL energy beamforming;DL-UL time allocation;UL transmit power allocation;WPCN;alternating optimization;downlink;energy transfer;harvest-then-transmit protocol;information transfer;information transmission;multi-antenna access point;nonconvex problem;nonnegative matrix theory;one-dimensional search;optimal time allocation;radio signals;receive beamforming;signal-to-interference-plus-noise ratio;single-antenna users;spectral radius minimization problem;uplink;wireless powered communication networks;wireless terminals;Array signal processing;Energy exchange;Information processing;Optimization;Resource management;Signal to noise ratio;Wireless communication;Wireless power transfer;energy beamforming;non-negative matrix theory;nonnegative matrix theory;wireless powered communication},
doi={10.1109/TCOMM.2014.2370035},
ISSN={0090-6778},
month={Dec},}



@ARTICLE{IEEE:dein_1,
author={K. Yang and Q. Yu and S. Leng and B. Fan and F. Wu},
journal={IEEE Access},
title={Data and Energy Integrated Communication Networks for Wireless Big Data},
year={2016},
volume={4},
number={},
pages={713-723},
keywords={Big Data;access protocols;data communication;energy harvesting;radiofrequency power transmission;resource allocation;telecommunication network routing;telecommunication power management;wireless sensor networks;DEIN communication network;WET;WIT;data and energy integrated communication networks;data forwarding scheme;energy harvesting;energy transmission;fair resource allocation algorithm;high-level architecture;power allocation;protocol;wireless big data;wireless energy transfer;wireless information transfer;wireless power transfer;wireless sensors;Batteries;Communication networks;Energy harvesting;Information analysis;MIMO;Resource management;Wireless communication;Wireless sensor networks;Data and energy integrated communication networks (DEINs);energy harvesting (EH);information dissemination;power allocation;wireless big data},
doi={10.1109/ACCESS.2016.2526622},
ISSN={},
month={},}

@ARTICLE{IEEE:dein_2,
author={K. Lv and J. Hu and Q. Yu and K. Yang},
journal={IEEE Internet of Things Journal},
title={Throughput Maximization and Fairness Assurance in Data and Energy Integrated Communication Networks},
year={2018},
volume={5},
number={2},
pages={636-644},
keywords={energy harvesting;optimisation;radiocommunication;radiofrequency power transmission;telecommunication power management;time division multiple access;DEIN;DL/UL transmissions;Lagrange multipliers;MAC layer;TDMA protocol;UL fair-throughput;UL sum-throughput;base station;data and energy integrated communication network;downlink transmissions;fairness assurance;harvested energy;low-throughput data services;medium access control layer;optimal PS factor;power splitting technique;time-division-multiple-access;time-slot;uplink data transmissions;user equipments;wireless energy transfer;Media Access Protocol;RF signals;Resource management;Throughput;Time division multiple access;Wireless communication;Data and energy integrated communication network (DEIN);Internet of Things (IoT);sum-throughput/fair-throughput maximization},
doi={10.1109/JIOT.2017.2727517},
ISSN={},
month={April},}

@ARTICLE{IEEE:ps,
author={L. Liu and R. Zhang and K. C. Chua},
journal={IEEE Transactions on Communications},
title={Wireless Information and Power Transfer: A Dynamic Power Splitting Approach},
year={2013},
volume={61},
number={9},
pages={3990-4001},
keywords={channel coding;decoding;energy harvesting;fading channels;radio links;radio networks;radio transmitters;receiving antennas;SIMO;SISO;WEH;ambient radio signals;antenna switching;channel state information;dynamic power splitting;dynamic power splitting approach;energy harvesting;energy-constrained wireless networks;fixed power supplies;flat-fading channel;information decoding;information transfer;maximum ergodic capacity;near-optimal rate-energy trade-offs;operation time;optimal DPS;point-to-point wireless link;power transfer;rate energy region;received signal;single antenna receiver;single-input multiple output system;single-input single-output system;transmitter;wireless energy harvesting;wireless information;Decoding;Fading;Power control;Receiving antennas;Switches;Wireless communication;Energy harvesting;antenna switching;ergodic capacity;fading channel;multiple-antenna system;power control;power splitting;time switching;wireless power transfer},
doi={10.1109/TCOMM.2013.071813.130105},
ISSN={0090-6778},
month={September},}

@ARTICLE{swipt_1, 
author={S. Ulukus and A. Yener and E. Erkip and O. Simeone and M. Zorzi and P. Grover and K. Huang}, 
journal={IEEE Journal on Selected Areas in Communications}, 
title={Energy Harvesting Wireless Communications: A Review of Recent Advances}, 
year={2015}, 
volume={33}, 
number={3}, 
pages={360-381}, 
keywords={energy harvesting;radio networks;telecommunication power management;energy consumption;energy harvesting wireless communications;energy transfer;information-theoretic performance limits;medium access;resource allocation;transmission scheduling policies;wireless networks;Batteries;Energy consumption;Energy exchange;Energy harvesting;Transmitters;Wireless networks;Energy harvesting communications;energy cooperation;simultaneous wireless information and energy transfer}, 
doi={10.1109/JSAC.2015.2391531}, 
ISSN={0733-8716}, 
month={March},}


@ARTICLE{swipt_2, 
author={L. Liu and R. Zhang and K. C. Chua}, 
journal={IEEE Transactions on Wireless Communications}, 
title={Wireless Information Transfer with Opportunistic Energy Harvesting}, 
year={2013}, 
volume={12}, 
number={1}, 
pages={288-300}, 
keywords={decoding;fading channels;radio links;radio receivers;radio transmitters;scheduling;CSI;WEH;ambient radio signals;channel state information;delay-limited information transfer;energy transfer scheduling;flat-fading channel subject;information decoding;maximum ergodic capacity;opportunistic energy harvesting;point-to-point wireless link;receiver mode switching;transmitter;wireless communication systems;wireless energy harvesting;wireless information transfer;Decoding;Energy harvesting;Fading;Interference;Receivers;Switches;Wireless communication;Energy harvesting;ergodic capacity;fading channel;outage probability;power control;wireless power transfer}, 
doi={10.1109/TWC.2012.113012.120500}, 
ISSN={1536-1276}, 
month={January},}



@ARTICLE{swipt_3, 
author={M. Zhang and Y. Liu}, 
journal={IEEE Transactions on Information Forensics and Security}, 
title={Energy Harvesting for Physical-Layer Security in OFDMA Networks}, 
year={2016}, 
volume={11}, 
number={1}, 
pages={154-162}, 
keywords={OFDM modulation;computational complexity;decoding;energy harvesting;frequency division multiple access;iterative methods;optimisation;telecommunication power management;telecommunication security;NP-hardness problem;OFDMA networks;downlink multiuser orthogonal frequency-division multiple access systems;energy harvesting;iterative algorithm;joint subcarrier allocation;optimization problem;physical layer security;power allocation;power splitting ratio selection;power transfer;secrecy information decoding process;wireless information;Algorithm design and analysis;Communication system security;Complexity theory;Receivers;Resource management;Security;Wireless communication;Physical-layer security;energy harvesting;orthogonal frequency-division multiple access (OFDMA);simultaneous wireless information and power transfer (SWIPT)}, 
doi={10.1109/TIFS.2015.2481797}, 
ISSN={1556-6013}, 
month={Jan},}


@INPROCEEDINGS{swipt_4, 
author={T. Han and N. Ansari}, 
booktitle={2013 IEEE Global Communications Conference (GLOBECOM)}, 
title={Green-energy Aware and Latency Aware user associations in heterogeneous cellular networks}, 
year={2013}, 
volume={}, 
number={}, 
pages={4946-4951}, 
keywords={cellular radio;environmental factors;optimisation;power consumption;power grids;telecommunication power management;telecommunication traffic;GALA algorithm;GALA user-BS associations;base stations;carbon footprints;distributed scheme;energy consumption;green communications;green energy generation rate;green energy technologies;green-energy aware user associations;heterogeneous cellular networks;latency aware user associations;on-grid power consumption;traffic delivery latency;weighted latency ratios;Air pollution;Energy consumption;Green products;Mobile communication;Power demand;Quality of service;Wireless communication}, 
doi={10.1109/GLOCOMW.2013.6855734}, 
ISSN={1930-529X}, 
month={Dec},}


@INPROCEEDINGS{swipt_5, 
author={L. R. Varshney}, 
booktitle={2008 IEEE International Symposium on Information Theory}, 
title={Transporting information and energy simultaneously}, 
year={2008}, 
volume={}, 
number={}, 
pages={1612-1616}, 
keywords={radiofrequency identification;RFID systems;capacity-energy function;information reliability;packet timing systems;powerline communication;Communication systems;Information theory;Laboratories;Petroleum industry;Power engineering and energy;Radiofrequency identification;Space technology;Systems engineering and theory;Telemetry;Timing}, 
doi={10.1109/ISIT.2008.4595260}, 
ISSN={2157-8095}, 
month={July},}

@ARTICLE{swipt_6, 
author={X. Zhou and R. Zhang and C. K. Ho}, 
journal={IEEE Transactions on Communications}, 
title={Wireless Information and Power Transfer: Architecture Design and Rate-Energy Tradeoff}, 
year={2013}, 
volume={61}, 
number={11}, 
pages={4754-4767}, 
keywords={Baseband;Decoding;Energy harvesting;Noise;Radio frequency;Receivers;Wireless communication;Simultaneous wireless information and power transfer (SWIPT);circuit power;energy harvesting;rate-energy region;wireless power}, 
doi={10.1109/TCOMM.2013.13.120855}, 
ISSN={0090-6778}, 
month={November},}

@ARTICLE{swipt_7, 
author={E. P. Caspers and S. H. Yeung and T. K. Sarkar and A. Garc��a-Lamp��rez and M. S. Palma and M. A. Lagunas and A. Perez-Neira}, 
journal={IEEE Antennas and Propagation Magazine}, 
title={Analysis of Information and Power Transfer in Wireless Communications}, 
year={2013}, 
volume={55}, 
number={3}, 
pages={82-95}, 
keywords={AWGN channels;carrier transmission on power lines;energy harvesting;radio networks;radiofrequency identification;receiving antennas;transmitting antennas;RFID system;energy harvesting system;frequency-selective additive-white-Gaussian-noise channel;power line communication system;receiving antenna system;transmitting antenna system;wireless communications;wireless information transfer;wireless power transfer;Channel capacity;Communication systems;Information processing;Power electronics;Wireless communication;Channel capacity;Gabor capacity;Hartley's law;Shannon channel capacity;Tuller capacity;communication systems;information rates;power harvesting}, 
doi={10.1109/MAP.2013.6586629}, 
ISSN={1045-9243}, 
month={June},}


@ARTICLE{swipt_8, 
author={R. Zhang and C. K. Ho}, 
journal={IEEE Transactions on Wireless Communications}, 
title={MIMO Broadcasting for Simultaneous Wireless Information and Power Transfer}, 
year={2013}, 
volume={12}, 
number={5}, 
pages={1989-2001}, 
keywords={MIMO system;broadcast channel;energy harvesting;precoding;rate-energy tradeoff;simultaneous wireless information and power transfer (SWIPT);wireless power}, 
doi={10.1109/TWC.2013.031813.120224}, 
ISSN={1536-1276}, 
month={May},}


@ARTICLE{swipt_9, 
author={L. Zhao and X. Wang and K. Zheng}, 
journal={IEEE Transactions on Wireless Communications}, 
title={Downlink Hybrid Information and Energy Transfer With Massive MIMO}, 
year={2016}, 
volume={15}, 
number={2}, 
pages={1309-1322}, 
keywords={MIMO communication;CSI estimation;asymptotically optimal allocation;downlink hybrid information;downlink massive MIMO system;energy transfer;energy users;energy-harvesting;information users;orthogonal pilot sequences;perfect channel state information;precoder;shared pilot scheme;time-division duplex systems;Channel estimation;Downlink;Energy exchange;MIMO;Resource management;Uplink;Wireless communication;Massive MIMO;distributed cooperation;precoding;wireless energy transfer}, 
doi={10.1109/TWC.2015.2488647}, 
ISSN={1536-1276}, 
month={Feb},}


@ARTICLE{swipt_10, 
author={J. Xu and L. Liu and R. Zhang}, 
journal={IEEE Transactions on Signal Processing}, 
title={Multiuser MISO Beamforming for Simultaneous Wireless Information and Power Transfer}, 
year={2014}, 
volume={62}, 
number={18}, 
pages={4798-4810}, 
keywords={array signal processing;energy harvesting;multiuser detection;quadratic programming;ID receivers;MISO SWIPT systems;QCQP;SDR;downlink beamforming problems;energy harvesting;information decoding;joint information and energy transmit beamforming design;multiantenna access point;multiple single-antenna receivers;multiuser MISO beamforming;nonconvex quadratically constrained quadratic program;optimization technique;semidefinite relaxation;signal-to-interference-and-noise ratio constraints;simultaneous wireless information and power transfer system;spatial multiplexing;uplink-downlink duality;wireless information;Array signal processing;Energy harvesting;Interference;Receivers;Signal to noise ratio;Vectors;Wireless communication;Energy beamforming;energy harvesting;semidefinite relaxation (SDR);simultaneous wireless information and power transfer (SWIPT);uplink-downlink duality}, 
doi={10.1109/TSP.2014.2340817}, 
ISSN={1053-587X}, 
month={Sept},}


@ARTICLE{swipt_11, 
author={S. Bi and Y. Zeng and R. Zhang}, 
journal={IEEE Wireless Communications}, 
title={Wireless powered communication networks: an overview}, 
year={2016}, 
volume={23}, 
number={2}, 
pages={10-18}, 
keywords={microwave power transmission;radio networks;microwave wireless power transfer technology;wireless communication devices;wireless information;wireless powered communication networks;Communication networks;Radio transmitters;Radiofrequency identification;Receiving antennas;Transmitting antennas;Wireless communication;Wireless sensor networks}, 
doi={10.1109/MWC.2016.7462480}, 
ISSN={1536-1284}, 
month={April},}

@ARTICLE{swipt_12, 
author={I. Krikidis and S. Timotheou and S. Nikolaou and G. Zheng and D. W. K. Ng and R. Schober}, 
journal={IEEE Communications Magazine}, 
title={Simultaneous wireless information and power transfer in modern communication systems}, 
year={2014}, 
volume={52}, 
number={11}, 
pages={104-110}, 
keywords={cognitive radio;energy harvesting;inductive power transmission;radio networks;rectennas;telecommunication power management;SWIPT systems;ambient electromagnetic sources;cooperative cognitive radio networks;electromagnetic energy;electromagnetic radiation;energy harvesting technology;external energy sources;hardware realization;rectenna circuits;resource allocation;wireless communication networks;wireless information;wireless power transfer;Decoding;Energy harvesting;Green products;Radio frequency;Receiving antennas;Telecommunication services;Wireless communication}, 
doi={10.1109/MCOM.2014.6957150}, 
ISSN={0163-6804}, 
month={Nov},}


@ARTICLE{swipt_13, 
author={Y. Xiao and D. Niyato and P. Wang and Z. Han}, 
journal={IEEE Communications Magazine}, 
title={Dynamic Energy Trading for Wireless Powered Communication Networks}, 
year={2016}, 
volume={54}, 
number={11}, 
pages={158-164}, 
keywords={delays;energy harvesting;inductive power transmission;radio networks;DET;delay tolerant wireless powered communication networks;dynamic energy trading;energy availability;energy supply reliability;external energy sources;harvested energy;Communication networks;Energy exchange;Energy harvesting;Green design;Power supplies;Power system reliability;Wireless communication}, 
doi={10.1109/MCOM.2016.1500504CM}, 
ISSN={0163-6804}, 
month={November},}


@ARTICLE{wpcn_1, 
author={H. Ju and R. Zhang}, 
journal={IEEE Transactions on Wireless Communications}, 
title={Throughput Maximization in Wireless Powered Communication Networks}, 
year={2014}, 
volume={13}, 
number={1}, 
pages={418-428}, 
keywords={convex programming;energy harvesting;protocols;time division multiple access;TDMA;closed form expressions;constant power supply;convex optimization techniques;harvest then transmit protocol;harvested energy values;hybrid access point;information transmissions;signal attenuation;sum throughput maximization;time division multiple access;unfair rate allocation;wireless energy broadcast;wireless powered communication networks;Communication networks;Information processing;Resource management;Throughput;Time division multiple access;Wireless communication;Wireless sensor networks;TDMA;Wireless power;convex optimization;doubly near-far problem;energy harvesting;throughput maximization}, 
doi={10.1109/TWC.2013.112513.130760}, 
ISSN={1536-1276}, 
month={January},}


@INPROCEEDINGS{wpcn_4, 
author={X. Kang and C. K. Ho and S. Sun}, 
booktitle={2014 IEEE Global Communications Conference}, 
title={Optimal time allocation for dynamic-TDMA-based wireless powered communication networks}, 
year={2014}, 
volume={}, 
number={}, 
pages={3157-3161}, 
keywords={antenna arrays;convex programming;energy harvesting;inductive power transmission;radio networks;time division multiple access;HAP;SNR;antenna;closed-form expression;convex optimization problem;dynamic-TDMA-based wireless powered communication network;energy harvesting;energy source;hybrid access point;optimal time allocation strategy;time-division-multiple-access;wireless energy transfer;wireless information receiver;wireless signal broadcasting;Convex functions;Energy harvesting;Resource management;Throughput;Uplink;Wireless communication;Wireless sensor networks}, 
doi={10.1109/GLOCOM.2014.7037291}, 
ISSN={1930-529X}, 
month={Dec},}

@ARTICLE{wpcn_3,
author={Y. L. Che and L. Duan and R. Zhang},
journal={IEEE Journal on Selected Areas in Communications},
title={Spatial Throughput Maximization of Wireless Powered Communication Networks},
year={2015},
volume={33},
number={8},
pages={1534-1548},
keywords={energy harvesting;optimisation;probability;protocols;radiofrequency power transmission;secondary cells;DL phase;UL phase;WPCN;battery-deployed wireless node;battery-free;downlink phase;dual function AP;dual-function access point;energy harvesting;harvest-then-transmit protocol;infinite-capacity battery;information transfer;information transmission probability constraint;performance tradeoff;spatial throughput maximization;stochastic geometry;time frame partitioning;transmit power;uplink phase;wireless charging;wireless powered communication network;Batteries;Energy harvesting;Information processing;Radio frequency;Throughput;Wireless communication;Wireless sensor networks;Wireless powered communication networks (WPCN);Wireless powered communication networks (WPCN),;battery storage;harvest-then-transmit protocol;radio-frequency (RF) energy harvesting;spatial throughput maximization;stochastic geometry},
doi={10.1109/JSAC.2015.2391915},
ISSN={0733-8716},
month={Aug},}

@ARTICLE{wpcn_2,
author={H. Ju and R. Zhang},
journal={IEEE Transactions on Communications},
title={Optimal Resource Allocation in Full-Duplex Wireless-Powered Communication Network},
year={2014},
volume={62},
number={10},
pages={3528-3540},
keywords={broadcast communication;interference suppression;protocols;radio access networks;radio links;radiofrequency interference;resource allocation;time division multiple access;DL user;FD broadcast wireless energy harvesting;FD-WPCN;H-AP;HD WPCN;SIC;UL user;WET;WIT;downlink user;full duplex broadcast wireless energy harvesting;full-duplex wireless-powered communication network;half-duplex WPCN;hybrid access point;imperfect self-interference cancellation;optimal resource allocation;power allocation;protocol;time allocation;time-division multiple access;uplink user;wireless energy transfer;wireless information transmission;Noise;Protocols;Receiving antennas;Resource management;Silicon;Silicon carbide;Wireless communication;Wireless-powered communication network (WPCN);convex optimization;full-duplex (FD) system;resource allocation;wireless energy transfer (WET)},
doi={10.1109/TCOMM.2014.2359878},
ISSN={0090-6778},
month={Oct},}

@ARTICLE{wpcn_5, 
author={L. Liu and R. Zhang and K. C. Chua}, 
journal={IEEE Transactions on Communications}, 
title={Multi-Antenna Wireless Powered Communication With Energy Beamforming}, 
year={2014}, 
volume={62}, 
number={12}, 
pages={4349-4361}, 
keywords={antennas;array signal processing;inductive power transmission;matrix algebra;protocols;resource allocation;search problems;wireless channels;DL energy beamforming;DL-UL time allocation;UL transmit power allocation;WPCN;alternating optimization;downlink;energy transfer;harvest-then-transmit protocol;information transfer;information transmission;multi-antenna access point;nonconvex problem;nonnegative matrix theory;one-dimensional search;optimal time allocation;radio signals;receive beamforming;signal-to-interference-plus-noise ratio;single-antenna users;spectral radius minimization problem;uplink;wireless powered communication networks;wireless terminals;Array signal processing;Energy exchange;Information processing;Optimization;Resource management;Signal to noise ratio;Wireless communication;Wireless power transfer;energy beamforming;non-negative matrix theory;nonnegative matrix theory;wireless powered communication}, 
doi={10.1109/TCOMM.2014.2370035}, 
ISSN={0090-6778}, 
month={Dec},}

@ARTICLE{wpcn_6, 
author={Q. Wu and M. Tao and D. W. Kwan Ng and W. Chen and R. Schober}, 
journal={IEEE Transactions on Wireless Communications}, 
title={Energy-Efficient Resource Allocation for Wireless Powered Communication Networks}, 
year={2016}, 
volume={15}, 
number={3}, 
pages={2312-2327}, 
keywords={energy conservation;inductive power transmission;iterative methods;mathematical programming;minimisation;power control;resource allocation;telecommunication control;telecommunication power management;EE maximization problem;WPCN;energy-efficient resource allocation;fractional programming;initial battery energy;iterative algorithm;joint time allocation;nonconvex problem;power control;simplified networks;standard convex optimization problem;wireless powered communication networks;Energy harvesting;Joints;Power control;Power generation;Resource management;Throughput;Wireless communication;Energy efficiency;power control;time allocation;wireless powered networks}, 
doi={10.1109/TWC.2015.2502590}, 
ISSN={1536-1276}, 
month={March},}

@ARTICLE{wpcn_7, 
author={Q. Sun and G. Zhu and C. Shen and X. Li and Z. Zhong}, 
journal={IEEE Communications Letters}, 
title={Joint Beamforming Design and Time Allocation for Wireless Powered Communication Networks}, 
year={2014}, 
volume={18}, 
number={10}, 
pages={1783-1786}, 
keywords={array signal processing;channel allocation;energy harvesting;inductive power transmission;probability;protocols;radio networks;radiofrequency power transmission;telecommunication power supplies;time division multiple access;Gaussian CSI errors;MISO WPCN;PS;SNR outage probability constraints;TDMA;WPT;energy harvesting;harvest-then-transmit protocol;joint design problem;joint time allocation-beamforming design;multiinput single-output wireless powered communication network;passive user nodes;perfect channel station information;power station;radiofrequency wireless power transfer;reliable power supply;semiclosed form solution;signal-to-noise ratio;system sum-throughput maximization;time division multiple access scheme;Array signal processing;Communication networks;Joints;Resource management;Robustness;Throughput;Wireless communication;Energy harvesting;energy beamforming;robust design;time allocation;wireless powered communication}, 
doi={10.1109/LCOMM.2014.2347958}, 
ISSN={1089-7798}, 
month={Oct},}

@ARTICLE{wpcn_8, 
author={H. Lee and K. J. Lee and H. Kim and B. Clerckx and I. Lee}, 
journal={IEEE Transactions on Wireless Communications}, 
title={Resource Allocation Techniques for Wireless Powered Communication Networks With Energy Storage Constraint}, 
year={2016}, 
volume={15}, 
number={4}, 
pages={2619-2628}, 
keywords={optimisation;resource allocation;time division multiple access;energy and time resource allocation;energy storage constraint;hybrid access point;optimal downlink energy transmission policy;radiofrequency signals;time division multiple access mode;wireless powered communication networks;Downlink;Energy storage;RF signals;Resource management;Time division multiple access;Uplink;Wireless communication;Wireless powered communication networks (WPCN);convex optimization;wireless energy transfer (WET)}, 
doi={10.1109/TWC.2015.2506561}, 
ISSN={1536-1276}, 
month={April},}

@ARTICLE{wpcn_9, 
author={W. Huang and H. Chen and Y. Li and B. Vucetic}, 
journal={IEEE Transactions on Vehicular Technology}, 
title={On the Performance of Multi-antenna Wireless-Powered Communications With Energy Beamforming}, 
year={2016}, 
volume={65}, 
number={3}, 
pages={1801-1808}, 
keywords={antenna arrays;energy harvesting;radiocommunication;telecommunication power management;AP;DL energy harvesting time;SNR;WPCN;asymptotic expression;delay-limited transmission mode;delay-tolerant transmission mode;energy beamforming;energy harvesting;hybrid access point;multiantenna wireless-powered communications performance;multiple antenna user;numerical simulation;single-antenna user;Antennas;Energy harvesting;Information processing;Signal to noise ratio;Throughput;Wireless communication;Wireless sensor networks;Energy beamforming;RF Energy harvesting;energy beamforming;performance analysis;radio-frequency (RF) energy harvesting;throughput;wireless-powered communication network;wireless-powered communication network (WPCN)}, 
doi={10.1109/TVT.2015.2412532}, 
ISSN={0018-9545}, 
month={March},}

@ARTICLE{wpcn_10, 
author={T. A. Zewde and M. C. Gursoy}, 
journal={IEEE Transactions on Green Communications and Networking}, 
title={NOMA-based Energy-Efficient Wireless Powered Communications}, 
year={2018}, 
volume={}, 
number={}, 
pages={1-1}, 
keywords={Downlink;NOMA;Optimization;Protocols;Resource management;Uplink;Wireless communication;Energy efficiency;NOMA;statistical queuing constraints;wireless powered communications.}, 
doi={10.1109/TGCN.2018.2830347}, 
ISSN={}, 
month={},}

@ARTICLE{wpcn_11, 
author={S. Wang and M. Xia and Y. C. Wu}, 
journal={IEEE Transactions on Wireless Communications}, 
title={Multicast Wirelessly Powered Network With Large Number of Antennas via First-Order Method}, 
year={2018}, 
volume={17}, 
number={6}, 
pages={3781-3793}, 
keywords={Antennas;Array signal processing;Data models;Downlink;Energy harvesting;Programming;Uplink;Wirelessly powered communication network (WPCN);first-order method;homogeneous quadratically constrained quadratic programming (QCQP);large-scale;nonlinear energy harvesting model}, 
doi={10.1109/TWC.2018.2816062}, 
ISSN={1536-1276}, 
month={June},}

@ARTICLE{7046389,
author={W. Sun and E. G. Ström and F. Brännström and M. R. Gholami},
journal={IEEE Transactions on Wireless Communications},
title={Random Broadcast Based Distributed Consensus Clock Synchronization for Mobile Networks},
year={2015},
volume={14},
number={6},
pages={3378-3389},
keywords={delays;mobile ad hoc networks;numerical analysis;synchronisation;distributed consensus clock synchronization algorithm;mobile ad hoc networks;numerical results;random broadcast;transmission delays;Clocks;Convergence;Delays;Robustness;Synchronization;Wireless communication;Mobile ad hoc networks;consensus algorithm;convergence;distributed synchronization;random broadcast},
doi={10.1109/TWC.2015.2404917},
ISSN={1536-1276},
month={June},}

@INPROCEEDINGS{swipt_16, 
author={C. Xiong and L. Lu and G. Y. Li}, 
booktitle={2014 IEEE International Conference on Communications (ICC)}, 
title={Energy efficiency tradeoff in downlink and uplink TDD OFDMA with simultaneous wireless information and power transfer}, 
year={2014}, 
volume={}, 
number={}, 
pages={5383-5388}, 
keywords={OFDM modulation;energy conservation;energy harvesting;inductive power transmission;telecommunication power management;time division multiplexing;Pareto optimal tradeoff performance;access point;downlink TDD OFDMA;energy consumption;energy efficiency tradeoff;integer mixed nonconvex program;near optimal resource allocation strategy;optimization problem;orthogonal frequency division multiple access;radiofrequency signals;time division duplexing;uplink TDD OFDMA;wireless information;wireless power transfer;Downlink;Energy harvesting;OFDM;Receivers;Tin;Uplink;Wireless communication;Energy efficiency (EE) tradeoff;energy harvesting;orthogonal frequency division multiple access (OFDMA);simultaneous information and power transfer;time-division duplexing (TDD)}, 
doi={10.1109/ICC.2014.6884177}, 
ISSN={1550-3607}, 
month={June},}


@INPROCEEDINGS{swipt_17, 
author={Z. Liang and Y. Liu}, 
booktitle={2016 IEEE Globecom Workshops (GC Wkshps)}, 
title={Link Scheduling in SWIPT Systems}, 
year={2016}, 
volume={}, 
number={}, 
pages={1-6}, 
keywords={energy harvesting;integer programming;radiofrequency power transmission;HAP coordinates;SWIPT systems;downlink user;energy harvesting embedded uplink user;half-duplex hybrid access point coordinates;mixed-integer programming problem;multiuser scenario;optimal link scheduling polices;optimal power allocation;optimal resource scheduling;simultaneous wireless information and power transfer system;sum-rate;Downlink;Energy harvesting;Information processing;Optimal scheduling;Receivers;Resource management;Uplink}, 
doi={10.1109/GLOCOMW.2016.7848950}, 
ISSN={}, 
month={Dec},}


@ARTICLE{swipt_18, 
author={L. Liu and R. Zhang and K. C. Chua}, 
journal={IEEE Transactions on Communications}, 
title={Multi-Antenna Wireless Powered Communication With Energy Beamforming}, 
year={2014}, 
volume={62}, 
number={12}, 
pages={4349-4361}, 
keywords={antennas;array signal processing;inductive power transmission;matrix algebra;protocols;resource allocation;search problems;wireless channels;DL energy beamforming;DL-UL time allocation;UL transmit power allocation;WPCN;alternating optimization;downlink;energy transfer;harvest-then-transmit protocol;information transfer;information transmission;multi-antenna access point;nonconvex problem;nonnegative matrix theory;one-dimensional search;optimal time allocation;radio signals;receive beamforming;signal-to-interference-plus-noise ratio;single-antenna users;spectral radius minimization problem;uplink;wireless powered communication networks;wireless terminals;Array signal processing;Energy exchange;Information processing;Optimization;Resource management;Signal to noise ratio;Wireless communication;Wireless power transfer;energy beamforming;non-negative matrix theory;nonnegative matrix theory;wireless powered communication}, 
doi={10.1109/TCOMM.2014.2370035}, 
ISSN={0090-6778}, 
month={Dec},}


@ARTICLE{swipt_20, 
author={W. Huang and H. Chen and Y. Li and B. Vucetic}, 
journal={IEEE Transactions on Vehicular Technology}, 
title={On the Performance of Multi-antenna Wireless-Powered Communications With Energy Beamforming}, 
year={2016}, 
volume={65}, 
number={3}, 
pages={1801-1808}, 
keywords={antenna arrays;energy harvesting;radiocommunication;telecommunication power management;AP;DL energy harvesting time;SNR;WPCN;asymptotic expression;delay-limited transmission mode;delay-tolerant transmission mode;energy beamforming;energy harvesting;hybrid access point;multiantenna wireless-powered communications performance;multiple antenna user;numerical simulation;single-antenna user;Antennas;Energy harvesting;Information processing;Signal to noise ratio;Throughput;Wireless communication;Wireless sensor networks;Energy beamforming;RF Energy harvesting;energy beamforming;performance analysis;radio-frequency (RF) energy harvesting;throughput;wireless-powered communication network;wireless-powered communication network (WPCN)}, 
doi={10.1109/TVT.2015.2412532}, 
ISSN={0018-9545}, 
month={March},}


@ARTICLE{swipt_21, 
author={Q. Sun and G. Zhu and C. Shen and X. Li and Z. Zhong}, 
journal={IEEE Communications Letters}, 
title={Joint Beamforming Design and Time Allocation for Wireless Powered Communication Networks}, 
year={2014}, 
volume={18}, 
number={10}, 
pages={1783-1786}, 
keywords={array signal processing;channel allocation;energy harvesting;inductive power transmission;probability;protocols;radio networks;radiofrequency power transmission;telecommunication power supplies;time division multiple access;Gaussian CSI errors;MISO WPCN;PS;SNR outage probability constraints;TDMA;WPT;energy harvesting;harvest-then-transmit protocol;joint design problem;joint time allocation-beamforming design;multiinput single-output wireless powered communication network;passive user nodes;perfect channel station information;power station;radiofrequency wireless power transfer;reliable power supply;semiclosed form solution;signal-to-noise ratio;system sum-throughput maximization;time division multiple access scheme;Array signal processing;Communication networks;Joints;Resource management;Robustness;Throughput;Wireless communication;Energy harvesting;energy beamforming;robust design;time allocation;wireless powered communication}, 
doi={10.1109/LCOMM.2014.2347958}, 
ISSN={1089-7798}, 
month={Oct},}


@ARTICLE{swipt_22, 
author={K. Yang and Q. Yu and S. Leng and B. Fan and F. Wu}, 
journal={IEEE Access}, 
title={Data and Energy Integrated Communication Networks for Wireless Big Data}, 
year={2016}, 
volume={4}, 
number={}, 
pages={713-723}, 
keywords={Big Data;access protocols;data communication;energy harvesting;radiofrequency power transmission;resource allocation;telecommunication network routing;telecommunication power management;wireless sensor networks;DEIN communication network;WET;WIT;data and energy integrated communication networks;data forwarding scheme;energy harvesting;energy transmission;fair resource allocation algorithm;high-level architecture;power allocation;protocol;wireless big data;wireless energy transfer;wireless information transfer;wireless power transfer;wireless sensors;Batteries;Communication networks;Energy harvesting;Information analysis;MIMO;Resource management;Wireless communication;Wireless sensor networks;Data and energy integrated communication networks (DEINs);energy harvesting (EH);information dissemination;power allocation;wireless big data}, 
doi={10.1109/ACCESS.2016.2526622}, 
ISSN={}, 
month={},}


@ARTICLE{swipt_23, 
author={K. Lv and J. Hu and Q. Yu and K. Yang}, 
journal={IEEE Internet of Things Journal}, 
title={Throughput Maximization and Fairness Assurance in Data and Energy Integrated Communication Networks}, 
year={2018}, 
volume={5}, 
number={2}, 
pages={636-644}, 
keywords={energy harvesting;optimisation;radiocommunication;radiofrequency power transmission;telecommunication power management;time division multiple access;DEIN;DL/UL transmissions;Lagrange multipliers;MAC layer;TDMA protocol;UL fair-throughput;UL sum-throughput;base station;data and energy integrated communication network;downlink transmissions;fairness assurance;harvested energy;low-throughput data services;medium access control layer;optimal PS factor;power splitting technique;time-division-multiple-access;time-slot;uplink data transmissions;user equipments;wireless energy transfer;Media Access Protocol;RF signals;Resource management;Throughput;Time division multiple access;Wireless communication;Data and energy integrated communication network (DEIN);Internet of Things (IoT);sum-throughput/fair-throughput maximization}, 
doi={10.1109/JIOT.2017.2727517}, 
ISSN={}, 
month={April},}


@INPROCEEDINGS{swipt_19, 
author={H. Ju and R. Zhang}, 
booktitle={2013 IEEE Global Communications Conference (GLOBECOM)}, 
title={Throughput maximization in wireless powered communication networks}, 
year={2013}, 
volume={}, 
number={}, 
pages={4086-4091}, 
keywords={optimisation;protocols;telecommunication power supplies;time division multiple access;TDMA;distance-dependent signal attenuation;harvest-then-transmit protocol;hybrid access point;sum-throughput maximization;throughput maximization;time-division-multiple-access;wireless energy/information transmissions;wireless powered communication networks;Equations;Wireless communication;Wireless sensor networks}, 
doi={10.1109/GLOCOM.2013.6831713}, 
ISSN={1930-529X}, 
month={Dec},}

@ARTICLE{IOT, 
author={A. Zanella and N. Bui and A. Castellani and L. Vangelista and M. Zorzi}, 
journal={IEEE Internet of Things Journal}, 
title={Internet of Things for Smart Cities}, 
year={2014}, 
volume={1}, 
number={1}, 
pages={22-32}, 
keywords={Internet;Internet of Things;protocols;Internet of Things;Padova smart city project;Smart City vision;advanced communication technology;digital services;heterogeneous end systems;link layer technology;protocols;urban IoT system;value-addedservices;Business;IEEE 802.15 Standards;Monitoring;Smart buildings;Smart homes;Urban areas;6lowPAN;Constrained Application Protocol (CoAP);Efficient XML Interchange (EXI);Smart Cities;network architecture;sensor system integration;service functions and management;testbed and trials}, 
doi={10.1109/JIOT.2014.2306328}, 
ISSN={2327-4662}, 
month={Feb},}

@ARTICLE{RF_EH_1, 
author={P. N. Alevizos and A. Bletsas}, 
journal={IEEE Transactions on Wireless Communications}, 
title={Sensitive and Nonlinear Far-Field RF Energy Harvesting in Wireless Communications}, 
year={2018}, 
volume={17}, 
number={6}, 
pages={3670-3685}, 
keywords={Art;Energy harvesting;Integrated circuit modeling;Radio frequency;Sensitivity;Wireless communication;Wireless sensor networks;Energy harvesting;backscatter;power-splitting;rectennas;simultaneous wireless information and power transfer;time-switching}, 
doi={10.1109/TWC.2018.2812889}, 
ISSN={1536-1276}, 
month={June},}

@ARTICLE{RF_EH_2, 
author={U. Muncuk and K. Alemdar and J. D. Sarode and K. R. Chowdhury}, 
journal={IEEE Internet of Things Journal}, 
title={Multi-band Ambient RF Energy Harvesting Circuit Design for Enabling Battery-less Sensors and IoTs}, 
year={2018}, 
volume={}, 
number={}, 
pages={1-1}, 
keywords={Circuit synthesis;Digital TV;Energy harvesting;Impedance matching;Internet of Things;Radio frequency;Sensors;Ambient RF energy harvesting;IoT;adjustable impedance matching;schottky diode;sensor;voltage multiplier.}, 
doi={10.1109/JIOT.2018.2813162}, 
ISSN={}, 
month={},}

@ARTICLE{PS_1, 
author={K. Xu and Z. Shen and X. Xia and Y. Wang and D. Zhang}, 
journal={IEEE Transactions on Vehicular Technology}, 
title={Hybrid Time-Switching and Power Splitting SWIPT for Full-Duplex Massive MIMO Systems: A Beam-Domain Approach}, 
year={2018}, 
volume={}, 
number={}, 
pages={1-1}, 
keywords={Downlink;MIMO communication;Protocols;Sensors;Wireless communication;Wireless sensor networks;Achievable Sum Rate;Beam-domain Channel Representation;Beamforming;Full Duplex Massive MIMO;Simultaneous Wireless Information and Power Transfer}, 
doi={10.1109/TVT.2018.2831790}, 
ISSN={0018-9545}, 
month={},}

@ARTICLE{PS_2, 
author={D. Mishra and G. C. Alexandropoulos}, 
journal={IEEE Transactions on Green Communications and Networking}, 
title={Transmit Precoding and Receive Power Splitting for Harvested Power Maximization in MIMO SWIPT Systems}, 
year={2018}, 
volume={}, 
number={}, 
pages={1-1}, 
keywords={Complexity theory;MIMO communication;Optimization;Precoding;Radio frequency;Uninterruptible power systems;Wireless communication;MIMO;RF energy harvesting;SWIPT;nonconvex optimization.;power splitting;precoding;rate-energy trade off}, 
doi={10.1109/TGCN.2018.2835409}, 
ISSN={}, 
month={},}

@ARTICLE{TS_1, 
author={H. Lee and K. J. Lee and H. Kim and I. Lee}, 
journal={IEEE Transactions on Wireless Communications}, 
title={Joint Transceiver Optimization for MISO SWIPT Systems With Time Switching}, 
year={2018}, 
volume={17}, 
number={5}, 
pages={3298-3312}, 
keywords={MIMO communication;array signal processing;broadcast channels;concave programming;convex programming;covariance matrices;decoding;energy harvesting;protocols;radio transceivers;wireless channels;MISO SWIPT systems;SWIPT BC;average transmit power minimization problems;boundary points;convex optimization techniques;energy harvesting;general joint TS protocol;globally optimal TS ratios;individual rate constraints;joint TS scheme;joint TS systems;joint transceiver optimization;multiantenna transmitter;nonconvex problems;optimal auxiliary variables;optimal transmit covariance matrices;rate profile methods;single antenna receivers;single-output simultaneous wireless information;time switching;Array signal processing;Covariance matrices;MISO communication;Protocols;Receivers;Transmitters;Wireless communication;Wireless power transfer;multiple antenna techniques;simultaneous wireless information and power transfer (SWIPT);time switching (TS)}, 
doi={10.1109/TWC.2018.2809734}, 
ISSN={1536-1276}, 
month={May},}

@INPROCEEDINGS{TS_2, 
author={A. A. Al-habob and A. M. Salhab and S. A. Zummo and M. S. Alouini}, 
booktitle={2018 IEEE Wireless Communications and Networking Conference (WCNC)}, 
title={A modified time-switching relaying protocol for multi-destination relay networks with SWIPT}, 
year={2018}, 
volume={}, 
number={}, 
pages={1-6}, 
keywords={Power system reliability;Probability;Protocols;Receivers;Relay networks (telecommunications);Signal to noise ratio;Dual-hop relay networks;power-splitting;simultaneous wireless information and power transfer;time-switching}, 
doi={10.1109/WCNC.2018.8377087}, 
ISSN={}, 
month={April},}

@INPROCEEDINGS{convex, 
author={S. Boyd and L, Vandenberghe}, 
booktitle={}, 
title={Convex Optimization}, 
year={2004}, 
volume={}, 
number={}, 
pages={}, 
keywords={Power system reliability;Probability;Protocols;Receivers;Relay networks (telecommunications);Signal to noise ratio;Dual-hop relay networks;power-splitting;simultaneous wireless information and power transfer;time-switching}, 
doi={}, 
ISSN={}, 
month={},}

@ARTICLE{sca, 
author={O. Mehanna and K. Huang and B. Gopalakrishnan and A. Konar and N. D. Sidiropoulos}, 
journal={IEEE Signal Processing Letters}, 
title={Feasible Point Pursuit and Successive Approximation of Non-Convex QCQPs}, 
year={2015}, 
volume={22}, 
number={7}, 
pages={804-808}, 
keywords={approximation theory;convex programming;quadratic programming;radio networks;signal processing;KKT point;Karush-Kuhn-Tucker;NP-hard problem;SDR;feasible point pursuit;nonconvex QCQP;quadratically constrained quadratic programs;semidefinite relaxation;signal processing applications;slack variables;successive approximation;wireless communications;Approximation algorithms;Convergence;Ellipsoids;Linear approximation;Linear matrix inequalities;Signal processing algorithms;Feasible point pursuit;linearization;multicast beamforming;non-convex QCQP;semi-definite relaxation;successive convex approximation}, 
doi={10.1109/LSP.2014.2370033}, 
ISSN={1070-9908}, 
month={July},}

@ARTICLE{access_1, 
author={Z. Xie and Y. Chen and Y. Gao and Y. Wang and Y. Su}, 
journal={IEEE Access}, 
title={Wireless Powered Communication Networks Using Peer Harvesting}, 
year={2017}, 
volume={5}, 
number={}, 
pages={3454-3464}, 
keywords={broadcast communication;energy harvesting;optimisation;protocols;radiofrequency power transmission;telecommunication power management;time division multiple access;H-AP broadcasts wireless energy;K wireless nodes;TDMA protocol;WPC network;energy harvesting;heuristic optimization algorithm;one hybrid access point;peer harvesting schemes;peer nodes;wireless powered communication networks;Communication system security;Energy harvesting;Minimization;Optimization;Peer-to-peer computing;Throughput;Wireless communication;Energy harvesting;maximization of sum achievable throughput;minimization of required harvested energy;particle swarm optimization;wireless power}, 
doi={10.1109/ACCESS.2017.2671338}, 
ISSN={}, 
month={},}

@ARTICLE{access_2, 
author={N. Zhao and S. Zhang and F. R. Yu and Y. Chen and A. Nallanathan and V. C. M. Leung}, 
journal={IEEE Access}, 
title={Exploiting Interference for Energy Harvesting: A Survey, Research Issues, and Challenges}, 
year={2017}, 
volume={5}, 
number={}, 
pages={10403-10421}, 
keywords={array signal processing;energy harvesting;radio networks;radiofrequency interference;IM technique;adversarial jamming signal;antenna dimension;artificial noise;beamforming optimization;energy harvesting;interference alignment;interference management technique;interference problem;network topology;receiver architecture;wireless EH systems;wireless communication;wireless networks;wireless nodes;wireless signal;Couplings;Energy harvesting;Interference;Radio frequency;Receivers;Wireless networks;Beamforming optimization;interference alignment;interference management;power splitting;simultaneous wireless information and power transfer;time switching;wireless energy harvesting}, 
doi={10.1109/ACCESS.2017.2705638}, 
ISSN={}, 
month={},}

@ARTICLE{access_3, 
author={J. Hu and L. L. Yang and H. V. Poor and L. Hanzo}, 
journal={IEEE Access}, 
title={Bridging the Social and Wireless Networking Divide: Information Dissemination in Integrated Cellular and Opportunistic Networks}, 
year={2015}, 
volume={3}, 
number={}, 
pages={1809-1848}, 
keywords={Markov processes;cellular radio;information dissemination;multicast communication;social networking (online);telecommunication traffic;wireless channels;BSSHM;InfoCom 2006;IoCI;base station-aided single-hop multicast;continuous-time-pure-birth Markov chain;information dissemination;information of common interest;integrated cellular network;mobile device;mobile user;mobility trace;offload the teletraffic;opportunistic network;social networking;telecommunication networking;traffic information;wireless channel attenuation;wireless networking;Cellular networks;Information anaysis;Information sharing;Markov chains;Social network services;Cellular networks;information dissemination;large-scale/small-scale opportunistic networks;pure-birth Markov chain;social network analysis}, 
doi={10.1109/ACCESS.2015.2477307}, 
ISSN={}, 
month={},}

@ARTICLE{access_4, 
author={K. Yang and Q. Yu and S. Leng and B. Fan and F. Wu}, 
journal={IEEE Access}, 
title={Data and Energy Integrated Communication Networks for Wireless Big Data}, 
year={2016}, 
volume={4}, 
number={}, 
pages={713-723}, 
keywords={Big Data;access protocols;data communication;energy harvesting;radiofrequency power transmission;resource allocation;telecommunication network routing;telecommunication power management;wireless sensor networks;DEIN communication network;WET;WIT;data and energy integrated communication networks;data forwarding scheme;energy harvesting;energy transmission;fair resource allocation algorithm;high-level architecture;power allocation;protocol;wireless big data;wireless energy transfer;wireless information transfer;wireless power transfer;wireless sensors;Batteries;Communication networks;Energy harvesting;Information analysis;MIMO;Resource management;Wireless communication;Wireless sensor networks;Data and energy integrated communication networks (DEINs);energy harvesting (EH);information dissemination;power allocation;wireless big data}, 
doi={10.1109/ACCESS.2016.2526622}, 
ISSN={}, 
month={},}

@ARTICLE{access_5, 
author={C. Zhu and V. C. M. Leung and L. Shu and E. C. H. Ngai}, 
journal={IEEE Access}, 
title={Green Internet of Things for Smart World}, 
year={2015}, 
volume={3}, 
number={}, 
pages={2151-2162}, 
keywords={Internet of Things;information technology;sensors;Smart World;energy consumption;green ICT principles;green Internet of Things;green IoT;information and communications technologies;sensor cloud;sustainable smart world;Cloud computing;Data centers;Internet of things;Machine-to-machine communications;Radio frequency identification;Wireless sensor networks;Internet of Things;Smart world;cloud computing;data center;green;internet of things;machine to machine;radio frequency identification;radio-frequency identification;sensor-cloud;wireless sensor network}, 
doi={10.1109/ACCESS.2015.2497312}, 
ISSN={}, 
month={},}